%YAML 1.1
%TAG !u! tag:unity3d.com,2011:
--- !u!1 &1162134901197199178
GameObject:
  m_ObjectHideFlags: 0
  m_CorrespondingSourceObject: {fileID: 0}
  m_PrefabInstance: {fileID: 0}
  m_PrefabAsset: {fileID: 0}
  serializedVersion: 6
  m_Component:
  - component: {fileID: 1832547194117465468}
  - component: {fileID: 3344975463471965430}
  - component: {fileID: 5132031439931398073}
  - component: {fileID: 1895126924309697294}
  m_Layer: 24
  m_Name: TapMove
  m_TagString: Untagged
  m_Icon: {fileID: 0}
  m_NavMeshLayer: 0
  m_StaticEditorFlags: 0
  m_IsActive: 1
--- !u!4 &1832547194117465468
Transform:
  m_ObjectHideFlags: 0
  m_CorrespondingSourceObject: {fileID: 0}
  m_PrefabInstance: {fileID: 0}
  m_PrefabAsset: {fileID: 0}
  m_GameObject: {fileID: 1162134901197199178}
  m_LocalRotation: {x: -0, y: -0, z: -0, w: 1}
  m_LocalPosition: {x: 0, y: -0.29999924, z: 0.21000004}
  m_LocalScale: {x: 0.69, y: 1, z: 0.14999999}
  m_Children: []
  m_Father: {fileID: 9172231205658670988}
  m_RootOrder: 7
  m_LocalEulerAnglesHint: {x: 0, y: 0, z: 0}
--- !u!33 &3344975463471965430
MeshFilter:
  m_ObjectHideFlags: 0
  m_CorrespondingSourceObject: {fileID: 0}
  m_PrefabInstance: {fileID: 0}
  m_PrefabAsset: {fileID: 0}
  m_GameObject: {fileID: 1162134901197199178}
  m_Mesh: {fileID: 10209, guid: 0000000000000000e000000000000000, type: 0}
--- !u!23 &5132031439931398073
MeshRenderer:
  m_ObjectHideFlags: 0
  m_CorrespondingSourceObject: {fileID: 0}
  m_PrefabInstance: {fileID: 0}
  m_PrefabAsset: {fileID: 0}
  m_GameObject: {fileID: 1162134901197199178}
  m_Enabled: 0
  m_CastShadows: 1
  m_ReceiveShadows: 1
  m_DynamicOccludee: 1
  m_MotionVectors: 1
  m_LightProbeUsage: 1
  m_ReflectionProbeUsage: 1
  m_RayTracingMode: 2
  m_RenderingLayerMask: 1
  m_RendererPriority: 0
  m_Materials:
  - {fileID: 10303, guid: 0000000000000000f000000000000000, type: 0}
  m_StaticBatchInfo:
    firstSubMesh: 0
    subMeshCount: 0
  m_StaticBatchRoot: {fileID: 0}
  m_ProbeAnchor: {fileID: 0}
  m_LightProbeVolumeOverride: {fileID: 0}
  m_ScaleInLightmap: 1
  m_ReceiveGI: 1
  m_PreserveUVs: 0
  m_IgnoreNormalsForChartDetection: 0
  m_ImportantGI: 0
  m_StitchLightmapSeams: 1
  m_SelectedEditorRenderState: 3
  m_MinimumChartSize: 4
  m_AutoUVMaxDistance: 0.5
  m_AutoUVMaxAngle: 89
  m_LightmapParameters: {fileID: 0}
  m_SortingLayerID: 0
  m_SortingLayer: 0
  m_SortingOrder: 0
--- !u!64 &1895126924309697294
MeshCollider:
  m_ObjectHideFlags: 0
  m_CorrespondingSourceObject: {fileID: 0}
  m_PrefabInstance: {fileID: 0}
  m_PrefabAsset: {fileID: 0}
  m_GameObject: {fileID: 1162134901197199178}
  m_Material: {fileID: 0}
  m_IsTrigger: 0
  m_Enabled: 1
  serializedVersion: 4
  m_Convex: 0
  m_CookingOptions: 30
  m_Mesh: {fileID: 10209, guid: 0000000000000000e000000000000000, type: 0}
--- !u!1 &5522950162194023224
GameObject:
  m_ObjectHideFlags: 0
  m_CorrespondingSourceObject: {fileID: 0}
  m_PrefabInstance: {fileID: 0}
  m_PrefabAsset: {fileID: 0}
  serializedVersion: 6
  m_Component:
  - component: {fileID: 4900442571993931097}
  m_Layer: 16
  m_Name: CurveStart
  m_TagString: Untagged
  m_Icon: {fileID: 0}
  m_NavMeshLayer: 0
  m_StaticEditorFlags: 0
  m_IsActive: 1
--- !u!4 &4900442571993931097
Transform:
  m_ObjectHideFlags: 0
  m_CorrespondingSourceObject: {fileID: 0}
  m_PrefabInstance: {fileID: 0}
  m_PrefabAsset: {fileID: 0}
  m_GameObject: {fileID: 5522950162194023224}
  m_LocalRotation: {x: 0, y: 0, z: 0, w: 1}
  m_LocalPosition: {x: 0, y: 0, z: 1.455}
  m_LocalScale: {x: 1, y: 1, z: 1}
  m_Children: []
  m_Father: {fileID: 9175077409167945732}
  m_RootOrder: 6
  m_LocalEulerAnglesHint: {x: 0, y: 0, z: 0}
--- !u!1 &9169343011235806220
GameObject:
  m_ObjectHideFlags: 0
  m_CorrespondingSourceObject: {fileID: 0}
  m_PrefabInstance: {fileID: 0}
  m_PrefabAsset: {fileID: 0}
  serializedVersion: 6
  m_Component:
  - component: {fileID: 9175092831496360874}
  m_Layer: 0
  m_Name: Row
  m_TagString: Untagged
  m_Icon: {fileID: 0}
  m_NavMeshLayer: 0
  m_StaticEditorFlags: 0
  m_IsActive: 1
--- !u!4 &9175092831496360874
Transform:
  m_ObjectHideFlags: 0
  m_CorrespondingSourceObject: {fileID: 0}
  m_PrefabInstance: {fileID: 0}
  m_PrefabAsset: {fileID: 0}
  m_GameObject: {fileID: 9169343011235806220}
  m_LocalRotation: {x: -0, y: -0, z: -0, w: 1}
  m_LocalPosition: {x: 0, y: 0, z: 1.6533334}
  m_LocalScale: {x: 1, y: 1, z: 1.3333334}
  m_Children:
  - {fileID: 9172558793283607836}
  m_Father: {fileID: 9175077409167945732}
  m_RootOrder: 4
  m_LocalEulerAnglesHint: {x: 0, y: 0, z: 0}
--- !u!1 &9169488004521144958
GameObject:
  m_ObjectHideFlags: 0
  m_CorrespondingSourceObject: {fileID: 0}
  m_PrefabInstance: {fileID: 0}
  m_PrefabAsset: {fileID: 0}
  serializedVersion: 6
  m_Component:
  - component: {fileID: 9172527682098369166}
  m_Layer: 0
  m_Name: LeftOfTheCar
  m_TagString: Untagged
  m_Icon: {fileID: 0}
  m_NavMeshLayer: 0
  m_StaticEditorFlags: 0
  m_IsActive: 1
--- !u!4 &9172527682098369166
Transform:
  m_ObjectHideFlags: 0
  m_CorrespondingSourceObject: {fileID: 0}
  m_PrefabInstance: {fileID: 0}
  m_PrefabAsset: {fileID: 0}
  m_GameObject: {fileID: 9169488004521144958}
  m_LocalRotation: {x: -0, y: -0, z: -0, w: 1}
  m_LocalPosition: {x: -5, y: 0, z: 0}
  m_LocalScale: {x: 1, y: 1, z: 1}
  m_Children: []
  m_Father: {fileID: 9172231205658670988}
  m_RootOrder: 1
  m_LocalEulerAnglesHint: {x: 0, y: 0, z: 0}
--- !u!1 &9169507443474820302
GameObject:
  m_ObjectHideFlags: 0
  m_CorrespondingSourceObject: {fileID: 0}
  m_PrefabInstance: {fileID: 0}
  m_PrefabAsset: {fileID: 0}
  serializedVersion: 6
  m_Component:
  - component: {fileID: 9175317810010519146}
  m_Layer: 0
  m_Name: RightOfTheCar
  m_TagString: Untagged
  m_Icon: {fileID: 0}
  m_NavMeshLayer: 0
  m_StaticEditorFlags: 0
  m_IsActive: 1
--- !u!4 &9175317810010519146
Transform:
  m_ObjectHideFlags: 0
  m_CorrespondingSourceObject: {fileID: 0}
  m_PrefabInstance: {fileID: 0}
  m_PrefabAsset: {fileID: 0}
  m_GameObject: {fileID: 9169507443474820302}
  m_LocalRotation: {x: -0, y: -0, z: -0, w: 1}
  m_LocalPosition: {x: 5, y: 0, z: 0}
  m_LocalScale: {x: 1, y: 1, z: 1}
  m_Children: []
  m_Father: {fileID: 9172231205658670988}
  m_RootOrder: 2
  m_LocalEulerAnglesHint: {x: 0, y: 0, z: 0}
--- !u!1 &9169866208172042322
GameObject:
  m_ObjectHideFlags: 0
  m_CorrespondingSourceObject: {fileID: 0}
  m_PrefabInstance: {fileID: 0}
  m_PrefabAsset: {fileID: 0}
  serializedVersion: 6
  m_Component:
  - component: {fileID: 9175311801985491454}
  m_Layer: 0
  m_Name: Center
  m_TagString: Untagged
  m_Icon: {fileID: 0}
  m_NavMeshLayer: 0
  m_StaticEditorFlags: 0
  m_IsActive: 1
--- !u!4 &9175311801985491454
Transform:
  m_ObjectHideFlags: 0
  m_CorrespondingSourceObject: {fileID: 0}
  m_PrefabInstance: {fileID: 0}
  m_PrefabAsset: {fileID: 0}
  m_GameObject: {fileID: 9169866208172042322}
  m_LocalRotation: {x: -0, y: -0, z: -0, w: 1}
  m_LocalPosition: {x: 0, y: 0, z: 0}
  m_LocalScale: {x: 1, y: 1, z: 1}
  m_Children: []
  m_Father: {fileID: 9172231205658670988}
  m_RootOrder: 3
  m_LocalEulerAnglesHint: {x: 0, y: 0, z: 0}
--- !u!1 &9170021350066944462
GameObject:
  m_ObjectHideFlags: 0
  m_CorrespondingSourceObject: {fileID: 0}
  m_PrefabInstance: {fileID: 0}
  m_PrefabAsset: {fileID: 0}
  serializedVersion: 6
  m_Component:
  - component: {fileID: 9175383751885490218}
  - component: {fileID: 9124733404457172930}
  - component: {fileID: 9138491073822046048}
  - component: {fileID: 9141395099933699874}
  m_Layer: 14
  m_Name: Wave
  m_TagString: Car
  m_Icon: {fileID: 0}
  m_NavMeshLayer: 0
  m_StaticEditorFlags: 0
  m_IsActive: 1
--- !u!4 &9175383751885490218
Transform:
  m_ObjectHideFlags: 0
  m_CorrespondingSourceObject: {fileID: 0}
  m_PrefabInstance: {fileID: 0}
  m_PrefabAsset: {fileID: 0}
  m_GameObject: {fileID: 9170021350066944462}
  m_LocalRotation: {x: 0.5, y: 0.5, z: 0.5, w: 0.5}
  m_LocalPosition: {x: 0, y: 0.25, z: 0}
  m_LocalScale: {x: 1, y: 1, z: 1.3333334}
  m_Children: []
  m_Father: {fileID: 9175077409167945732}
  m_RootOrder: 3
  m_LocalEulerAnglesHint: {x: 0, y: 0, z: 0}
--- !u!136 &9124733404457172930
CapsuleCollider:
  m_ObjectHideFlags: 0
  m_CorrespondingSourceObject: {fileID: 0}
  m_PrefabInstance: {fileID: 0}
  m_PrefabAsset: {fileID: 0}
  m_GameObject: {fileID: 9170021350066944462}
  m_Material: {fileID: 0}
  m_IsTrigger: 0
  m_Enabled: 1
  m_Radius: 1
  m_Height: 5
  m_Direction: 0
  m_Center: {x: 0, y: 0, z: 0}
--- !u!114 &9138491073822046048
MonoBehaviour:
  m_ObjectHideFlags: 0
  m_CorrespondingSourceObject: {fileID: 0}
  m_PrefabInstance: {fileID: 0}
  m_PrefabAsset: {fileID: 0}
  m_GameObject: {fileID: 9170021350066944462}
  m_Enabled: 1
  m_EditorHideFlags: 0
  m_Script: {fileID: 11500000, guid: aa584fbee541324448dd18d8409c7a41, type: 3}
  m_Name: 
  m_EditorClassIdentifier: 
  ObservedComponentsFoldoutOpen: 1
  Group: 0
  prefixField: -1
  Synchronization: 3
  OwnershipTransfer: 0
  ObservedComponents:
  - {fileID: 9141395099933699874}
  viewIdField: 0
  InstantiationId: 4
  isRuntimeInstantiated: 1
--- !u!114 &9141395099933699874
MonoBehaviour:
  m_ObjectHideFlags: 0
  m_CorrespondingSourceObject: {fileID: 0}
  m_PrefabInstance: {fileID: 0}
  m_PrefabAsset: {fileID: 0}
  m_GameObject: {fileID: 9170021350066944462}
  m_Enabled: 1
  m_EditorHideFlags: 0
  m_Script: {fileID: 11500000, guid: 627855c7f81362d41938ffe0b1475957, type: 3}
  m_Name: 
  m_EditorClassIdentifier: 
  m_SynchronizePosition: 1
  m_SynchronizeRotation: 1
  m_SynchronizeScale: 0
--- !u!1 &9170063974772416578
GameObject:
  m_ObjectHideFlags: 0
  m_CorrespondingSourceObject: {fileID: 0}
  m_PrefabInstance: {fileID: 0}
  m_PrefabAsset: {fileID: 0}
  serializedVersion: 6
  m_Component:
  - component: {fileID: 9175077409167945732}
  - component: {fileID: 9165499477591049350}
  - component: {fileID: 9157854451477475322}
  - component: {fileID: 9188499023033646058}
  - component: {fileID: 9199969575582626902}
  - component: {fileID: 9138166547533570764}
  - component: {fileID: 9138422187158028302}
  - component: {fileID: 9141381527054052972}
  - component: {fileID: 9138704645077551734}
  m_Layer: 16
  m_Name: Car
  m_TagString: Car
  m_Icon: {fileID: 0}
  m_NavMeshLayer: 0
  m_StaticEditorFlags: 0
  m_IsActive: 1
--- !u!4 &9175077409167945732
Transform:
  m_ObjectHideFlags: 0
  m_CorrespondingSourceObject: {fileID: 0}
  m_PrefabInstance: {fileID: 0}
  m_PrefabAsset: {fileID: 0}
  m_GameObject: {fileID: 9170063974772416578}
  m_LocalRotation: {x: 0, y: 0, z: 0, w: 1}
  m_LocalPosition: {x: 0, y: 0, z: 0}
  m_LocalScale: {x: 0.75, y: 0.75, z: 0.75}
  m_Children:
  - {fileID: 2797051672968615822}
  - {fileID: 310216770438832050}
  - {fileID: 5444914648220993083}
  - {fileID: 9175383751885490218}
  - {fileID: 9175092831496360874}
  - {fileID: 3230518318590760271}
  - {fileID: 4900442571993931097}
  m_Father: {fileID: 9172231205658670988}
  m_RootOrder: 0
  m_LocalEulerAnglesHint: {x: 0, y: 0, z: 0}
--- !u!33 &9165499477591049350
MeshFilter:
  m_ObjectHideFlags: 0
  m_CorrespondingSourceObject: {fileID: 0}
  m_PrefabInstance: {fileID: 0}
  m_PrefabAsset: {fileID: 0}
  m_GameObject: {fileID: 9170063974772416578}
  m_Mesh: {fileID: 10202, guid: 0000000000000000e000000000000000, type: 0}
--- !u!23 &9157854451477475322
MeshRenderer:
  m_ObjectHideFlags: 0
  m_CorrespondingSourceObject: {fileID: 0}
  m_PrefabInstance: {fileID: 0}
  m_PrefabAsset: {fileID: 0}
  m_GameObject: {fileID: 9170063974772416578}
  m_Enabled: 0
  m_CastShadows: 1
  m_ReceiveShadows: 1
  m_DynamicOccludee: 1
  m_MotionVectors: 1
  m_LightProbeUsage: 1
  m_ReflectionProbeUsage: 1
  m_RayTracingMode: 2
  m_RenderingLayerMask: 1
  m_RendererPriority: 0
  m_Materials:
  - {fileID: 10303, guid: 0000000000000000f000000000000000, type: 0}
  m_StaticBatchInfo:
    firstSubMesh: 0
    subMeshCount: 0
  m_StaticBatchRoot: {fileID: 0}
  m_ProbeAnchor: {fileID: 0}
  m_LightProbeVolumeOverride: {fileID: 0}
  m_ScaleInLightmap: 1
  m_ReceiveGI: 1
  m_PreserveUVs: 1
  m_IgnoreNormalsForChartDetection: 0
  m_ImportantGI: 0
  m_StitchLightmapSeams: 0
  m_SelectedEditorRenderState: 3
  m_MinimumChartSize: 4
  m_AutoUVMaxDistance: 0.5
  m_AutoUVMaxAngle: 89
  m_LightmapParameters: {fileID: 0}
  m_SortingLayerID: 0
  m_SortingLayer: 0
  m_SortingOrder: 0
--- !u!54 &9188499023033646058
Rigidbody:
  m_ObjectHideFlags: 0
  m_CorrespondingSourceObject: {fileID: 0}
  m_PrefabInstance: {fileID: 0}
  m_PrefabAsset: {fileID: 0}
  m_GameObject: {fileID: 9170063974772416578}
  serializedVersion: 2
  m_Mass: 3
  m_Drag: 0
  m_AngularDrag: 0.05
  m_UseGravity: 1
  m_IsKinematic: 0
  m_Interpolate: 0
  m_Constraints: 116
  m_CollisionDetection: 0
--- !u!65 &9199969575582626902
BoxCollider:
  m_ObjectHideFlags: 0
  m_CorrespondingSourceObject: {fileID: 0}
  m_PrefabInstance: {fileID: 0}
  m_PrefabAsset: {fileID: 0}
  m_GameObject: {fileID: 9170063974772416578}
  m_Material: {fileID: 13400000, guid: 08ddd280cc39a7e43b4d6f6038bc98cc, type: 2}
  m_IsTrigger: 0
  m_Enabled: 1
  serializedVersion: 2
  m_Size: {x: 1, y: 1, z: 1}
  m_Center: {x: 0, y: 0, z: 0}
--- !u!114 &9138166547533570764
MonoBehaviour:
  m_ObjectHideFlags: 0
  m_CorrespondingSourceObject: {fileID: 0}
  m_PrefabInstance: {fileID: 0}
  m_PrefabAsset: {fileID: 0}
  m_GameObject: {fileID: 9170063974772416578}
  m_Enabled: 1
  m_EditorHideFlags: 0
  m_Script: {fileID: 11500000, guid: aa584fbee541324448dd18d8409c7a41, type: 3}
  m_Name: 
  m_EditorClassIdentifier: 
  ObservedComponentsFoldoutOpen: 1
  Group: 0
  prefixField: -1
  Synchronization: 2
  OwnershipTransfer: 0
  ObservedComponents:
  - {fileID: 9141381527054052972}
  - {fileID: 9138422187158028302}
  viewIdField: 0
  InstantiationId: 1
  isRuntimeInstantiated: 1
--- !u!114 &9138422187158028302
MonoBehaviour:
  m_ObjectHideFlags: 0
  m_CorrespondingSourceObject: {fileID: 0}
  m_PrefabInstance: {fileID: 0}
  m_PrefabAsset: {fileID: 0}
  m_GameObject: {fileID: 9170063974772416578}
  m_Enabled: 1
  m_EditorHideFlags: 0
  m_Script: {fileID: 11500000, guid: 627855c7f81362d41938ffe0b1475957, type: 3}
  m_Name: 
  m_EditorClassIdentifier: 
  m_SynchronizePosition: 1
  m_SynchronizeRotation: 1
  m_SynchronizeScale: 1
--- !u!114 &9141381527054052972
MonoBehaviour:
  m_ObjectHideFlags: 0
  m_CorrespondingSourceObject: {fileID: 0}
  m_PrefabInstance: {fileID: 0}
  m_PrefabAsset: {fileID: 0}
  m_GameObject: {fileID: 9170063974772416578}
  m_Enabled: 1
  m_EditorHideFlags: 0
  m_Script: {fileID: 11500000, guid: 64179f3720bbfe947b7724caa67b7c1d, type: 3}
  m_Name: 
  m_EditorClassIdentifier: 
  m_SynchronizeVelocity: 1
  m_SynchronizeAngularVelocity: 1
  m_TeleportEnabled: 0
  m_TeleportIfDistanceGreaterThan: 3
--- !u!114 &9138704645077551734
MonoBehaviour:
  m_ObjectHideFlags: 0
  m_CorrespondingSourceObject: {fileID: 0}
  m_PrefabInstance: {fileID: 0}
  m_PrefabAsset: {fileID: 0}
  m_GameObject: {fileID: 9170063974772416578}
  m_Enabled: 1
  m_EditorHideFlags: 0
  m_Script: {fileID: 11500000, guid: 9b1ad04fc134dad49b6b3f3b9f2c0c1c, type: 3}
  m_Name: 
  m_EditorClassIdentifier: 
  rb: {fileID: 9188499023033646058}
--- !u!1 &9170137484925130032
GameObject:
  m_ObjectHideFlags: 0
  m_CorrespondingSourceObject: {fileID: 0}
  m_PrefabInstance: {fileID: 0}
  m_PrefabAsset: {fileID: 0}
  serializedVersion: 6
  m_Component:
  - component: {fileID: 9172231205658670988}
  - component: {fileID: 9138744721466352870}
  - component: {fileID: 9138137347610774758}
  - component: {fileID: 9138358665496676520}
  - component: {fileID: 9138732226514205510}
  - component: {fileID: 9141352500577055900}
  - component: {fileID: 9138210523912505936}
  - component: {fileID: 9138128928934647368}
  - component: {fileID: -3769021185779276205}
  - component: {fileID: -6928057659631260597}
  m_Layer: 0
  m_Name: Mitos
  m_TagString: CarSystem
  m_Icon: {fileID: 0}
  m_NavMeshLayer: 0
  m_StaticEditorFlags: 0
  m_IsActive: 1
--- !u!4 &9172231205658670988
Transform:
  m_ObjectHideFlags: 0
  m_CorrespondingSourceObject: {fileID: 0}
  m_PrefabInstance: {fileID: 0}
  m_PrefabAsset: {fileID: 0}
  m_GameObject: {fileID: 9170137484925130032}
  m_LocalRotation: {x: 0, y: 0, z: 0, w: 1}
  m_LocalPosition: {x: 0, y: 34.7, z: -5}
  m_LocalScale: {x: 1, y: 1, z: 1}
  m_Children:
  - {fileID: 9175077409167945732}
  - {fileID: 9172527682098369166}
  - {fileID: 9175317810010519146}
  - {fileID: 9175311801985491454}
  - {fileID: 9175015305987265394}
  - {fileID: 9172157964119848570}
  - {fileID: 9172652693267157098}
  - {fileID: 1832547194117465468}
  - {fileID: 9154633748925992369}
  m_Father: {fileID: 0}
  m_RootOrder: 0
  m_LocalEulerAnglesHint: {x: 0, y: 0, z: 0}
--- !u!114 &9138744721466352870
MonoBehaviour:
  m_ObjectHideFlags: 0
  m_CorrespondingSourceObject: {fileID: 0}
  m_PrefabInstance: {fileID: 0}
  m_PrefabAsset: {fileID: 0}
  m_GameObject: {fileID: 9170137484925130032}
  m_Enabled: 1
  m_EditorHideFlags: 0
  m_Script: {fileID: 11500000, guid: 0d62c0aa065172d4b81ef398b9e3b881, type: 3}
  m_Name: 
  m_EditorClassIdentifier: 
  car: {fileID: 0}
  left: {fileID: 0}
  right: {fileID: 0}
  center: {fileID: 0}
  goal: {fileID: 0}
  wall: {fileID: 0}
  wave: {fileID: 0}
  ballsManager: {fileID: 0}
  gm: {fileID: 0}
  ID: 0
  name: 
  alive: 1
  checkBallUpdateDelay: {x: 0, y: 0}
  speed: 7
  finalSpeed: 0
  additionalSpeed: 0
  reflectBounce: 6
  additionalReflectBounce: 0
  addReflectBounce:
    isTiming: 0
    duration: 0
    time: 0
  nBallCollisionPoint: 0
  nRightBalls: 0
  nLeftBalls: 0
  n2UnitDistanceBalls: 0
  lm:
    serializedVersion: 2
    m_Bits: 2048
  canMove: 1
  guarded: 0
  blockImmune:
    isTiming: 0
    duration: 0
    time: 0
  slowDown:
    isTiming: 0
    duration: 0
    time: 0
  slowDownPerc: 1
  cantMove:
    isTiming: 0
    duration: 0
    time: 0
  blockedAbility:
    isTiming: 0
    duration: 0
    time: 0
  blind:
    isTiming: 0
    duration: 0
    time: 0
  points: 0
  score: 0
  botScript: {fileID: 0}
  animator: {fileID: 0}
  accelerationCurve:
    serializedVersion: 2
    m_Curve:
    - serializedVersion: 3
      time: 0
      value: 0
      inSlope: 1
      outSlope: 1
      tangentMode: 34
      weightedMode: 0
      inWeight: 0
      outWeight: 0
    - serializedVersion: 3
      time: 1
      value: 1
      inSlope: 1
      outSlope: 1
      tangentMode: 34
      weightedMode: 0
      inWeight: 0
      outWeight: 0
    m_PreInfinity: 2
    m_PostInfinity: 2
    m_RotationOrder: 4
  decelerationCurve:
    serializedVersion: 2
    m_Curve:
    - serializedVersion: 3
      time: 0
      value: 1
      inSlope: -0.42750326
      outSlope: -0.42750326
      tangentMode: 0
      weightedMode: 0
      inWeight: 0
      outWeight: 0.78630126
    - serializedVersion: 3
      time: 1
      value: 0
      inSlope: -2.8784957
      outSlope: -2.8784957
      tangentMode: 0
      weightedMode: 0
      inWeight: 0.0803445
      outWeight: 0
    m_PreInfinity: 2
    m_PostInfinity: 2
    m_RotationOrder: 4
  accelerationTime: 0
  decelerationTime: 0
  goingRight: 0
  notCenter: 0
  isOnline: 0
  nameUI: {fileID: 0}
  photonView: {fileID: 0}
  alarmImage: {fileID: 0}
  alarmTimer:
    isTiming: 0
    duration: 0
    time: 0
--- !u!114 &9138137347610774758
MonoBehaviour:
  m_ObjectHideFlags: 0
  m_CorrespondingSourceObject: {fileID: 0}
  m_PrefabInstance: {fileID: 0}
  m_PrefabAsset: {fileID: 0}
  m_GameObject: {fileID: 9170137484925130032}
  m_Enabled: 1
  m_EditorHideFlags: 0
  m_Script: {fileID: 11500000, guid: 07cef9dc16a364f42951ae07b79936f8, type: 3}
  m_Name: 
  m_EditorClassIdentifier: 
  goingRight: 0
  goingLeft: 0
  goingCenter: 0
  goingStop: 0
  goingRightEditor: 0
  goingLeftEditor: 0
  goingStopEditor: 0
  CommandUpdateFPS: 15
  g: {fileID: 0}
  botScript: {fileID: 0}
  animator: {fileID: 0}
  lastMove: 0
  isOnline: 0
  goPos: {x: 0, y: 0, z: 0}
  lm:
    serializedVersion: 2
    m_Bits: 0
  tapMove: {fileID: 1162134901197199178}
  tapGoing: 0
  tapMarker: {fileID: 9160034670651168737}
--- !u!114 &9138358665496676520
MonoBehaviour:
  m_ObjectHideFlags: 0
  m_CorrespondingSourceObject: {fileID: 0}
  m_PrefabInstance: {fileID: 0}
  m_PrefabAsset: {fileID: 0}
  m_GameObject: {fileID: 9170137484925130032}
  m_Enabled: 1
  m_EditorHideFlags: 0
  m_Script: {fileID: 11500000, guid: aa584fbee541324448dd18d8409c7a41, type: 3}
  m_Name: 
  m_EditorClassIdentifier: 
  ObservedComponentsFoldoutOpen: 1
  Group: 0
  prefixField: -1
  Synchronization: 1
  OwnershipTransfer: 0
  ObservedComponents:
  - {fileID: 9138732226514205510}
  - {fileID: 9138744721466352870}
  - {fileID: 0}
  viewIdField: 0
  InstantiationId: 2
  isRuntimeInstantiated: 1
--- !u!114 &9138732226514205510
MonoBehaviour:
  m_ObjectHideFlags: 0
  m_CorrespondingSourceObject: {fileID: 0}
  m_PrefabInstance: {fileID: 0}
  m_PrefabAsset: {fileID: 0}
  m_GameObject: {fileID: 9170137484925130032}
  m_Enabled: 1
  m_EditorHideFlags: 0
  m_Script: {fileID: 11500000, guid: 627855c7f81362d41938ffe0b1475957, type: 3}
  m_Name: 
  m_EditorClassIdentifier: 
  m_SynchronizePosition: 1
  m_SynchronizeRotation: 1
  m_SynchronizeScale: 1
--- !u!114 &9141352500577055900
MonoBehaviour:
  m_ObjectHideFlags: 0
  m_CorrespondingSourceObject: {fileID: 0}
  m_PrefabInstance: {fileID: 0}
  m_PrefabAsset: {fileID: 0}
  m_GameObject: {fileID: 9170137484925130032}
  m_Enabled: 1
  m_EditorHideFlags: 0
  m_Script: {fileID: 11500000, guid: 0b0ccbca59f00254b830ce2a5788beb3, type: 3}
  m_Name: 
  m_EditorClassIdentifier: 
  type: A
  ability: Curve
  carSystem: {fileID: 0}
  bot: {fileID: 0}
  abilityButton: {fileID: 0}
  image: {fileID: 0}
  isUnlocked: 0
  isAvailable: 0
  isUsing: 0
  unlockScore: 5
  stato: 0
  isCoolDown: 0
  coolDownDuration: 8
  coolDownTime: 0
  target: {x: 0, y: 0, z: 0}
  isOnline: 0
  isShowing: 0
--- !u!114 &9138210523912505936
MonoBehaviour:
  m_ObjectHideFlags: 0
  m_CorrespondingSourceObject: {fileID: 0}
  m_PrefabInstance: {fileID: 0}
  m_PrefabAsset: {fileID: 0}
  m_GameObject: {fileID: 9170137484925130032}
  m_Enabled: 1
  m_EditorHideFlags: 0
  m_Script: {fileID: 11500000, guid: 0b0ccbca59f00254b830ce2a5788beb3, type: 3}
  m_Name: 
  m_EditorClassIdentifier: 
  type: C
  ability: Noodle Waal
  carSystem: {fileID: 0}
  bot: {fileID: 0}
  abilityButton: {fileID: 0}
  image: {fileID: 0}
  isUnlocked: 0
  isAvailable: 0
  isUsing: 0
  unlockScore: 10
  stato: 0
  isCoolDown: 0
  coolDownDuration: 15
  coolDownTime: 0
  target: {x: 0, y: 0, z: 0}
  isOnline: 0
  isShowing: 0
--- !u!114 &9138128928934647368
MonoBehaviour:
  m_ObjectHideFlags: 0
  m_CorrespondingSourceObject: {fileID: 0}
  m_PrefabInstance: {fileID: 0}
  m_PrefabAsset: {fileID: 0}
  m_GameObject: {fileID: 9170137484925130032}
  m_Enabled: 1
  m_EditorHideFlags: 0
  m_Script: {fileID: 11500000, guid: 0b0ccbca59f00254b830ce2a5788beb3, type: 3}
  m_Name: 
  m_EditorClassIdentifier: 
  type: B
  ability: Slow Down
  carSystem: {fileID: 0}
  bot: {fileID: 0}
  abilityButton: {fileID: 0}
  image: {fileID: 0}
  isUnlocked: 0
  isAvailable: 0
  isUsing: 0
  unlockScore: 10
  stato: 0
  isCoolDown: 0
  coolDownDuration: 12
  coolDownTime: 0
  target: {x: 0, y: 0, z: 0}
  isOnline: 0
  isShowing: 0
--- !u!114 &-3769021185779276205
MonoBehaviour:
  m_ObjectHideFlags: 0
  m_CorrespondingSourceObject: {fileID: 0}
  m_PrefabInstance: {fileID: 0}
  m_PrefabAsset: {fileID: 0}
  m_GameObject: {fileID: 9170137484925130032}
  m_Enabled: 1
  m_EditorHideFlags: 0
  m_Script: {fileID: 11500000, guid: 7ed7a4f4bfeb52842b83a37926c41c33, type: 3}
  m_Name: 
  m_EditorClassIdentifier: 
  isABot: 0
  name: Mitos
  carSystem: {fileID: 0}
  gameManager: {fileID: 0}
  ballsManager: {fileID: 0}
  goingRight: 0
  goingLeft: 0
  goingCenter: 0
  goingStop: 0
  alive: 0
  CommandUpdateFPS: 15
  possibilityToUseAbility:
  - 10
  - 9
  - 7
  - 6
  - 5
  - 3
  reactionSpeed: 3
  abilityFrequency: 3
  strategy: 3
  trophies: 0
  reflectBounce: 8
  championID: 0
  isOnline: 0
  firstAbilityImage: {fileID: 0}
  secondAbilityImage: {fileID: 0}
  thirdAbilityImage: {fileID: 0}
  casual:
    isTiming: 0
    duration: 0
    time: 0
  casualDirection: 0
  particleUserManager: {fileID: 0}
  name: Mitos
  pointTargetSetter: {fileID: -6928057659631260597}
  directionTargetSetter: {fileID: 0}
  curveAbility: {fileID: 9141352500577055900}
  curveAbilityACX:
    serializedVersion: 2
    m_Curve:
    - serializedVersion: 3
      time: 0
      value: 0
      inSlope: -0.42750326
      outSlope: -0.42750326
      tangentMode: 0
      weightedMode: 0
      inWeight: 0
      outWeight: 0.78630126
    - serializedVersion: 3
      time: 0.1
      value: 0.1
      inSlope: 0.974934
      outSlope: 0.974934
      tangentMode: 0
      weightedMode: 0
      inWeight: 0.33333334
      outWeight: 0.33333334
    - serializedVersion: 3
      time: 0.2
      value: -0.1
      inSlope: 1.0307795
      outSlope: 1.0307795
      tangentMode: 0
      weightedMode: 0
      inWeight: 0.33333334
      outWeight: 0.33333334
    - serializedVersion: 3
      time: 0.3
      value: 0.1
      inSlope: 1.2544649
      outSlope: 1.2544649
      tangentMode: 0
      weightedMode: 0
      inWeight: 0.33333334
      outWeight: 0.33333334
    - serializedVersion: 3
      time: 0.4
      value: -0.1
      inSlope: 1.1680312
      outSlope: 1.1680312
      tangentMode: 0
      weightedMode: 0
      inWeight: 0.33333334
      outWeight: 0.33333334
    - serializedVersion: 3
      time: 0.6
      value: 0.3
      inSlope: 1.1824499
      outSlope: 1.1824499
      tangentMode: 0
      weightedMode: 0
      inWeight: 0.33333334
      outWeight: 0.33333334
    - serializedVersion: 3
      time: 0.8
      value: -0.3
      inSlope: -0.65207165
      outSlope: -0.65207165
      tangentMode: 0
      weightedMode: 0
      inWeight: 0.33333334
      outWeight: 0.33333334
    - serializedVersion: 3
      time: 1
      value: 0
      inSlope: 0.66879225
      outSlope: 0.66879225
      tangentMode: 0
      weightedMode: 0
      inWeight: 0.7867042
      outWeight: 0
    m_PreInfinity: 2
    m_PostInfinity: 2
    m_RotationOrder: 4
  curveAbilityAC:
  - serializedVersion: 2
    m_Curve:
    - serializedVersion: 3
      time: 0
      value: 0
      inSlope: 0
      outSlope: 0
      tangentMode: 0
      weightedMode: 0
      inWeight: 0
      outWeight: 0
    - serializedVersion: 3
      time: 0.33
      value: -0.3
      inSlope: 0.011194602
      outSlope: 0.011194602
      tangentMode: 0
      weightedMode: 0
      inWeight: 0.33333334
      outWeight: 0.3868587
    - serializedVersion: 3
      time: 0.66
      value: 0.33
      inSlope: 0.05308549
      outSlope: 0.05308549
      tangentMode: 0
      weightedMode: 0
      inWeight: 0.33333334
      outWeight: 0.49198836
    - serializedVersion: 3
      time: 1
      value: 0
      inSlope: -0.022191346
      outSlope: -0.022191346
      tangentMode: 0
      weightedMode: 0
      inWeight: 0.72154844
      outWeight: 0
    m_PreInfinity: 2
    m_PostInfinity: 2
    m_RotationOrder: 0
  - serializedVersion: 2
    m_Curve:
    - serializedVersion: 3
      time: 0
      value: 0
      inSlope: 0
      outSlope: 0
      tangentMode: 0
      weightedMode: 0
      inWeight: 0
      outWeight: 0
    - serializedVersion: 3
      time: 1
      value: 0
      inSlope: 2
      outSlope: 2
      tangentMode: 0
      weightedMode: 0
      inWeight: 0
      outWeight: 0
    m_PreInfinity: 2
    m_PostInfinity: 2
    m_RotationOrder: 0
  - serializedVersion: 2
    m_Curve:
    - serializedVersion: 3
      time: 0
      value: 0
      inSlope: 5.1209183
      outSlope: 5.1209183
      tangentMode: 0
      weightedMode: 0
      inWeight: 0
      outWeight: 0.26416337
    - serializedVersion: 3
      time: 0.5
      value: 1
      inSlope: -0.06866497
      outSlope: -0.06866497
      tangentMode: 0
      weightedMode: 0
      inWeight: 0.33333334
      outWeight: 0.19817066
    - serializedVersion: 3
      time: 1
      value: 0
      inSlope: -4.3945117
      outSlope: -4.3945117
      tangentMode: 0
      weightedMode: 0
      inWeight: 0.15043652
      outWeight: 0
    m_PreInfinity: 2
    m_PostInfinity: 2
    m_RotationOrder: 0
  - serializedVersion: 2
    m_Curve: []
    m_PreInfinity: 0
    m_PostInfinity: 0
    m_RotationOrder: 0
  - serializedVersion: 2
    m_Curve: []
    m_PreInfinity: 0
    m_PostInfinity: 0
    m_RotationOrder: 0
  curveAbilityACY:
    serializedVersion: 2
    m_Curve:
    - serializedVersion: 3
      time: 0.00021980386
      value: -0.0013508858
      inSlope: 0
      outSlope: 0
      tangentMode: 136
      weightedMode: 0
      inWeight: 0.33333334
      outWeight: 0.33333334
    - serializedVersion: 3
      time: 0.9997919
      value: 0.0009553467
      inSlope: 0
      outSlope: 0
      tangentMode: 136
      weightedMode: 0
      inWeight: 0.33333334
      outWeight: 0.33333334
    m_PreInfinity: 2
    m_PostInfinity: 2
    m_RotationOrder: 4
  curveAbilityDuration: 0.8
  curveAbilityTime: 0
  curveAbilityTargetPoint: {x: 0, y: 0, z: 0}
  curveAbilityStart: {fileID: 4900442571993931097}
  curveAbilityBall: {fileID: 0}
  prev: {x: 0, y: 0, z: 0}
  magnetAbility: {fileID: 0}
  ballDisappearAbility: {fileID: 9138210523912505936}
  ballDisappearAbilityDisappearDuration: 2
  ballDisappearAbilityDuration: 8
  ballDisappearAbilityTime: 0
  freezeAbility: {fileID: 0}
  slowDownAbility: {fileID: 9138128928934647368}
  slowDownAbilitySlowingDuration: 4
  slowDownAbilityDuration: 8
  slowDownAbilityTime: 0
  slowDownAbilityPerc: 0.3
  slowDownAbilityGO: {fileID: 2797051672968514478}
  isOnline: 0
--- !u!114 &-6928057659631260597
MonoBehaviour:
  m_ObjectHideFlags: 0
  m_CorrespondingSourceObject: {fileID: 0}
  m_PrefabInstance: {fileID: 0}
  m_PrefabAsset: {fileID: 0}
  m_GameObject: {fileID: 9170137484925130032}
  m_Enabled: 1
  m_EditorHideFlags: 0
  m_Script: {fileID: 11500000, guid: 01c693d428989d64697bfc6e52c18437, type: 3}
  m_Name: 
  m_EditorClassIdentifier: 
  carSystem: {fileID: 0}
  usingThis: 0
  stato: 0
  circle: {fileID: 0}
  target: {x: 0, y: 0, z: 0}
  targetSprite: {fileID: 0}
  targetPrefab: {fileID: 1711078520222724, guid: 442d4295c2e0f7641b28eb9e42ff732b,
    type: 3}
  targetGO: {fileID: 0}
  plane: {fileID: 0}
  lm:
    serializedVersion: 2
    m_Bits: 1048576
--- !u!1 &9170163232702147260
GameObject:
  m_ObjectHideFlags: 0
  m_CorrespondingSourceObject: {fileID: 0}
  m_PrefabInstance: {fileID: 0}
  m_PrefabAsset: {fileID: 0}
  serializedVersion: 6
  m_Component:
  - component: {fileID: 9172157964119848570}
  - component: {fileID: 9154870901387080422}
  - component: {fileID: 9107601465718328696}
  - component: {fileID: 6496840423733579864}
  m_Layer: 0
  m_Name: Camera
  m_TagString: MainCamera
  m_Icon: {fileID: 0}
  m_NavMeshLayer: 0
  m_StaticEditorFlags: 0
  m_IsActive: 1
--- !u!4 &9172157964119848570
Transform:
  m_ObjectHideFlags: 0
  m_CorrespondingSourceObject: {fileID: 0}
  m_PrefabInstance: {fileID: 0}
  m_PrefabAsset: {fileID: 0}
  m_GameObject: {fileID: 9170163232702147260}
  m_LocalRotation: {x: 0.25990018, y: -0, z: -0, w: 0.96563554}
  m_LocalPosition: {x: 0.02, y: 3.540001, z: -2.5500002}
  m_LocalScale: {x: 1, y: 1, z: 1}
  m_Children: []
  m_Father: {fileID: 9172231205658670988}
  m_RootOrder: 5
  m_LocalEulerAnglesHint: {x: 30.128002, y: 0, z: 0}
--- !u!20 &9154870901387080422
Camera:
  m_ObjectHideFlags: 0
  m_CorrespondingSourceObject: {fileID: 0}
  m_PrefabInstance: {fileID: 0}
  m_PrefabAsset: {fileID: 0}
  m_GameObject: {fileID: 9170163232702147260}
  m_Enabled: 0
  serializedVersion: 2
  m_ClearFlags: 2
  m_BackGroundColor: {r: 0.7484321, g: 0.81108165, b: 0.9338235, a: 1}
  m_projectionMatrixMode: 1
  m_GateFitMode: 2
  m_FOVAxisMode: 0
  m_SensorSize: {x: 36, y: 24}
  m_LensShift: {x: 0, y: 0}
  m_FocalLength: 50
  m_NormalizedViewPortRect:
    serializedVersion: 2
    x: 0
    y: 0
    width: 1
    height: 1
  near clip plane: 0.3
  far clip plane: 30
  field of view: 60
  orthographic: 0
  orthographic size: 5
  m_Depth: -1
  m_CullingMask:
    serializedVersion: 2
    m_Bits: 4294967295
  m_RenderingPath: -1
  m_TargetTexture: {fileID: 0}
  m_TargetDisplay: 0
  m_TargetEye: 3
  m_HDR: 1
  m_AllowMSAA: 1
  m_AllowDynamicResolution: 0
  m_ForceIntoRT: 0
  m_OcclusionCulling: 1
  m_StereoConvergence: 10
  m_StereoSeparation: 0.022
--- !u!81 &9107601465718328696
AudioListener:
  m_ObjectHideFlags: 0
  m_CorrespondingSourceObject: {fileID: 0}
  m_PrefabInstance: {fileID: 0}
  m_PrefabAsset: {fileID: 0}
  m_GameObject: {fileID: 9170163232702147260}
  m_Enabled: 0
--- !u!114 &6496840423733579864
MonoBehaviour:
  m_ObjectHideFlags: 0
  m_CorrespondingSourceObject: {fileID: 0}
  m_PrefabInstance: {fileID: 0}
  m_PrefabAsset: {fileID: 0}
  m_GameObject: {fileID: 9170163232702147260}
  m_Enabled: 0
  m_EditorHideFlags: 0
  m_Script: {fileID: 11500000, guid: 948f4100a11a5c24981795d21301da5c, type: 3}
  m_Name: 
  m_EditorClassIdentifier: 
  volumeTrigger: {fileID: 9172157964119848570}
  volumeLayer:
    serializedVersion: 2
    m_Bits: 256
  stopNaNPropagation: 1
  finalBlitToCameraTarget: 0
  antialiasingMode: 0
  temporalAntialiasing:
    jitterSpread: 0.75
    sharpness: 0.25
    stationaryBlending: 0.95
    motionBlending: 0.85
  subpixelMorphologicalAntialiasing:
    quality: 2
  fastApproximateAntialiasing:
    fastMode: 0
    keepAlpha: 0
  fog:
    enabled: 1
    excludeSkybox: 1
  debugLayer:
    lightMeter:
      width: 512
      height: 256
      showCurves: 1
    histogram:
      width: 512
      height: 256
      channel: 3
    waveform:
      exposure: 0.12
      height: 256
    vectorscope:
      size: 256
      exposure: 0.12
    overlaySettings:
      linearDepth: 0
      motionColorIntensity: 4
      motionGridSize: 64
      colorBlindnessType: 0
      colorBlindnessStrength: 1
  m_Resources: {fileID: 11400000, guid: d82512f9c8e5d4a4d938b575d47f88d4, type: 2}
  m_ShowToolkit: 1
  m_ShowCustomSorter: 1
  breakBeforeColorGrading: 0
  m_BeforeTransparentBundles: []
  m_BeforeStackBundles: []
  m_AfterStackBundles: []
--- !u!1 &9170420733846632940
GameObject:
  m_ObjectHideFlags: 0
  m_CorrespondingSourceObject: {fileID: 0}
  m_PrefabInstance: {fileID: 0}
  m_PrefabAsset: {fileID: 0}
  serializedVersion: 6
  m_Component:
  - component: {fileID: 9175015305987265394}
  - component: {fileID: 9200203204064605190}
  m_Layer: 11
  m_Name: Goal
  m_TagString: Goal
  m_Icon: {fileID: 0}
  m_NavMeshLayer: 0
  m_StaticEditorFlags: 0
  m_IsActive: 1
--- !u!4 &9175015305987265394
Transform:
  m_ObjectHideFlags: 0
  m_CorrespondingSourceObject: {fileID: 0}
  m_PrefabInstance: {fileID: 0}
  m_PrefabAsset: {fileID: 0}
  m_GameObject: {fileID: 9170420733846632940}
  m_LocalRotation: {x: 0, y: 0, z: 0, w: 1}
  m_LocalPosition: {x: 0, y: 0, z: -1.8}
  m_LocalScale: {x: 18, y: 6, z: 3}
  m_Children: []
  m_Father: {fileID: 9172231205658670988}
  m_RootOrder: 4
  m_LocalEulerAnglesHint: {x: 0, y: 0, z: 0}
--- !u!65 &9200203204064605190
BoxCollider:
  m_ObjectHideFlags: 0
  m_CorrespondingSourceObject: {fileID: 0}
  m_PrefabInstance: {fileID: 0}
  m_PrefabAsset: {fileID: 0}
  m_GameObject: {fileID: 9170420733846632940}
  m_Material: {fileID: 0}
  m_IsTrigger: 1
  m_Enabled: 1
  serializedVersion: 2
  m_Size: {x: 1, y: 1, z: 1}
  m_Center: {x: 0, y: 0, z: 0}
--- !u!1 &9170440582675939820
GameObject:
  m_ObjectHideFlags: 0
  m_CorrespondingSourceObject: {fileID: 0}
  m_PrefabInstance: {fileID: 0}
  m_PrefabAsset: {fileID: 0}
  serializedVersion: 6
  m_Component:
  - component: {fileID: 9172652693267157098}
  - component: {fileID: 9197317341372262894}
  - component: {fileID: 9156017919488446854}
  - component: {fileID: 9165107268444849162}
  - component: {fileID: 9138426507084507312}
  - component: {fileID: 9138298050414059622}
  m_Layer: 0
  m_Name: Wall
  m_TagString: Wall
  m_Icon: {fileID: 0}
  m_NavMeshLayer: 0
  m_StaticEditorFlags: 0
  m_IsActive: 1
--- !u!4 &9172652693267157098
Transform:
  m_ObjectHideFlags: 0
  m_CorrespondingSourceObject: {fileID: 0}
  m_PrefabInstance: {fileID: 0}
  m_PrefabAsset: {fileID: 0}
  m_GameObject: {fileID: 9170440582675939820}
  m_LocalRotation: {x: -0, y: -0, z: -0, w: 1}
  m_LocalPosition: {x: 0, y: -5, z: -0.19}
  m_LocalScale: {x: 10, y: 3, z: 1}
  m_Children: []
  m_Father: {fileID: 9172231205658670988}
  m_RootOrder: 6
  m_LocalEulerAnglesHint: {x: 0, y: 0, z: 0}
--- !u!65 &9197317341372262894
BoxCollider:
  m_ObjectHideFlags: 0
  m_CorrespondingSourceObject: {fileID: 0}
  m_PrefabInstance: {fileID: 0}
  m_PrefabAsset: {fileID: 0}
  m_GameObject: {fileID: 9170440582675939820}
  m_Material: {fileID: 0}
  m_IsTrigger: 0
  m_Enabled: 1
  serializedVersion: 2
  m_Size: {x: 1, y: 1, z: 1}
  m_Center: {x: 0, y: 0, z: 0}
--- !u!23 &9156017919488446854
MeshRenderer:
  m_ObjectHideFlags: 0
  m_CorrespondingSourceObject: {fileID: 0}
  m_PrefabInstance: {fileID: 0}
  m_PrefabAsset: {fileID: 0}
  m_GameObject: {fileID: 9170440582675939820}
  m_Enabled: 0
  m_CastShadows: 1
  m_ReceiveShadows: 1
  m_DynamicOccludee: 1
  m_MotionVectors: 0
  m_LightProbeUsage: 0
  m_ReflectionProbeUsage: 0
  m_RayTracingMode: 2
  m_RenderingLayerMask: 1
  m_RendererPriority: 0
  m_Materials:
  - {fileID: 2100000, guid: b957742c5b9bfd441b9b330c8b55d0c5, type: 2}
  m_StaticBatchInfo:
    firstSubMesh: 0
    subMeshCount: 0
  m_StaticBatchRoot: {fileID: 0}
  m_ProbeAnchor: {fileID: 0}
  m_LightProbeVolumeOverride: {fileID: 0}
  m_ScaleInLightmap: 1
  m_ReceiveGI: 1
  m_PreserveUVs: 0
  m_IgnoreNormalsForChartDetection: 0
  m_ImportantGI: 0
  m_StitchLightmapSeams: 0
  m_SelectedEditorRenderState: 3
  m_MinimumChartSize: 4
  m_AutoUVMaxDistance: 0.5
  m_AutoUVMaxAngle: 89
  m_LightmapParameters: {fileID: 0}
  m_SortingLayerID: 0
  m_SortingLayer: 0
  m_SortingOrder: 0
--- !u!33 &9165107268444849162
MeshFilter:
  m_ObjectHideFlags: 0
  m_CorrespondingSourceObject: {fileID: 0}
  m_PrefabInstance: {fileID: 0}
  m_PrefabAsset: {fileID: 0}
  m_GameObject: {fileID: 9170440582675939820}
  m_Mesh: {fileID: 10202, guid: 0000000000000000e000000000000000, type: 0}
--- !u!114 &9138426507084507312
MonoBehaviour:
  m_ObjectHideFlags: 0
  m_CorrespondingSourceObject: {fileID: 0}
  m_PrefabInstance: {fileID: 0}
  m_PrefabAsset: {fileID: 0}
  m_GameObject: {fileID: 9170440582675939820}
  m_Enabled: 1
  m_EditorHideFlags: 0
  m_Script: {fileID: 11500000, guid: aa584fbee541324448dd18d8409c7a41, type: 3}
  m_Name: 
  m_EditorClassIdentifier: 
  ObservedComponentsFoldoutOpen: 1
  Group: 0
  prefixField: -1
  Synchronization: 1
  OwnershipTransfer: 0
  ObservedComponents:
  - {fileID: 9138298050414059622}
  viewIdField: 0
  InstantiationId: 3
  isRuntimeInstantiated: 0
--- !u!114 &9138298050414059622
MonoBehaviour:
  m_ObjectHideFlags: 0
  m_CorrespondingSourceObject: {fileID: 0}
  m_PrefabInstance: {fileID: 0}
  m_PrefabAsset: {fileID: 0}
  m_GameObject: {fileID: 9170440582675939820}
  m_Enabled: 1
  m_EditorHideFlags: 0
  m_Script: {fileID: 11500000, guid: 627855c7f81362d41938ffe0b1475957, type: 3}
  m_Name: 
  m_EditorClassIdentifier: 
  m_SynchronizePosition: 1
  m_SynchronizeRotation: 1
  m_SynchronizeScale: 0
--- !u!1 &9171300210540321310
GameObject:
  m_ObjectHideFlags: 0
  m_CorrespondingSourceObject: {fileID: 0}
  m_PrefabInstance: {fileID: 0}
  m_PrefabAsset: {fileID: 0}
  serializedVersion: 6
  m_Component:
  - component: {fileID: 9172558793283607836}
  - component: {fileID: 9056943662311936144}
  m_Layer: 0
  m_Name: RowImage
  m_TagString: Untagged
  m_Icon: {fileID: 0}
  m_NavMeshLayer: 0
  m_StaticEditorFlags: 0
  m_IsActive: 1
--- !u!4 &9172558793283607836
Transform:
  m_ObjectHideFlags: 0
  m_CorrespondingSourceObject: {fileID: 0}
  m_PrefabInstance: {fileID: 0}
  m_PrefabAsset: {fileID: 0}
  m_GameObject: {fileID: 9171300210540321310}
  m_LocalRotation: {x: 0.7071068, y: -0, z: -0, w: 0.7071068}
  m_LocalPosition: {x: 0, y: -0, z: 1.02}
  m_LocalScale: {x: 2.680538, y: 17.63532, z: 1.3333346}
  m_Children: []
  m_Father: {fileID: 9175092831496360874}
  m_RootOrder: 0
  m_LocalEulerAnglesHint: {x: 90, y: 0, z: 0}
--- !u!212 &9056943662311936144
SpriteRenderer:
  m_ObjectHideFlags: 0
  m_CorrespondingSourceObject: {fileID: 0}
  m_PrefabInstance: {fileID: 0}
  m_PrefabAsset: {fileID: 0}
  m_GameObject: {fileID: 9171300210540321310}
  m_Enabled: 0
  m_CastShadows: 0
  m_ReceiveShadows: 0
  m_DynamicOccludee: 1
  m_MotionVectors: 1
  m_LightProbeUsage: 1
  m_ReflectionProbeUsage: 1
  m_RayTracingMode: 0
  m_RenderingLayerMask: 1
  m_RendererPriority: 0
  m_Materials:
  - {fileID: 10754, guid: 0000000000000000f000000000000000, type: 0}
  m_StaticBatchInfo:
    firstSubMesh: 0
    subMeshCount: 0
  m_StaticBatchRoot: {fileID: 0}
  m_ProbeAnchor: {fileID: 0}
  m_LightProbeVolumeOverride: {fileID: 0}
  m_ScaleInLightmap: 1
  m_ReceiveGI: 1
  m_PreserveUVs: 0
  m_IgnoreNormalsForChartDetection: 0
  m_ImportantGI: 0
  m_StitchLightmapSeams: 0
  m_SelectedEditorRenderState: 0
  m_MinimumChartSize: 4
  m_AutoUVMaxDistance: 0.5
  m_AutoUVMaxAngle: 89
  m_LightmapParameters: {fileID: 0}
  m_SortingLayerID: 0
  m_SortingLayer: 0
  m_SortingOrder: 0
  m_Sprite: {fileID: 10907, guid: 0000000000000000f000000000000000, type: 0}
  m_Color: {r: 1, g: 1, b: 1, a: 1}
  m_FlipX: 0
  m_FlipY: 0
  m_DrawMode: 0
  m_Size: {x: 0.16, y: 0.16}
  m_AdaptiveModeThreshold: 0.5
  m_SpriteTileMode: 0
  m_WasSpriteAssigned: 1
  m_MaskInteraction: 0
  m_SpriteSortPoint: 0
--- !u!1001 &310216770562489389
PrefabInstance:
  m_ObjectHideFlags: 0
  serializedVersion: 2
  m_Modification:
    m_TransformParent: {fileID: 9175077409167945732}
    m_Modifications:
    - target: {fileID: 165602207, guid: 8e309ca9515777d4ba1962736515e737, type: 3}
      propertyPath: m_LocalPosition.x
      value: 0
      objectReference: {fileID: 0}
    - target: {fileID: 165602207, guid: 8e309ca9515777d4ba1962736515e737, type: 3}
      propertyPath: m_LocalPosition.y
      value: -0.456
      objectReference: {fileID: 0}
    - target: {fileID: 165602207, guid: 8e309ca9515777d4ba1962736515e737, type: 3}
      propertyPath: m_LocalPosition.z
      value: 0.016000113
      objectReference: {fileID: 0}
    - target: {fileID: 165602207, guid: 8e309ca9515777d4ba1962736515e737, type: 3}
      propertyPath: m_LocalRotation.x
      value: -0
      objectReference: {fileID: 0}
    - target: {fileID: 165602207, guid: 8e309ca9515777d4ba1962736515e737, type: 3}
      propertyPath: m_LocalRotation.y
      value: -0
      objectReference: {fileID: 0}
    - target: {fileID: 165602207, guid: 8e309ca9515777d4ba1962736515e737, type: 3}
      propertyPath: m_LocalRotation.z
      value: -0
      objectReference: {fileID: 0}
    - target: {fileID: 165602207, guid: 8e309ca9515777d4ba1962736515e737, type: 3}
      propertyPath: m_LocalRotation.w
      value: 1
      objectReference: {fileID: 0}
    - target: {fileID: 165602207, guid: 8e309ca9515777d4ba1962736515e737, type: 3}
      propertyPath: m_RootOrder
      value: 1
      objectReference: {fileID: 0}
    - target: {fileID: 165602207, guid: 8e309ca9515777d4ba1962736515e737, type: 3}
      propertyPath: m_LocalEulerAnglesHint.x
      value: 0
      objectReference: {fileID: 0}
    - target: {fileID: 165602207, guid: 8e309ca9515777d4ba1962736515e737, type: 3}
      propertyPath: m_LocalEulerAnglesHint.y
      value: 0
      objectReference: {fileID: 0}
    - target: {fileID: 165602207, guid: 8e309ca9515777d4ba1962736515e737, type: 3}
      propertyPath: m_LocalEulerAnglesHint.z
      value: 0
      objectReference: {fileID: 0}
    - target: {fileID: 165602207, guid: 8e309ca9515777d4ba1962736515e737, type: 3}
      propertyPath: m_LocalScale.x
      value: 1.3333334
      objectReference: {fileID: 0}
    - target: {fileID: 165602207, guid: 8e309ca9515777d4ba1962736515e737, type: 3}
      propertyPath: m_LocalScale.y
      value: 1.3333334
      objectReference: {fileID: 0}
    - target: {fileID: 165602207, guid: 8e309ca9515777d4ba1962736515e737, type: 3}
      propertyPath: m_LocalScale.z
      value: 1.3333334
      objectReference: {fileID: 0}
    - target: {fileID: 7596741980694055983, guid: 8e309ca9515777d4ba1962736515e737,
        type: 3}
      propertyPath: m_Name
      value: PF_Thatos
      objectReference: {fileID: 0}
    - target: {fileID: 7596741980694055983, guid: 8e309ca9515777d4ba1962736515e737,
        type: 3}
      propertyPath: m_IsActive
      value: 0
      objectReference: {fileID: 0}
    m_RemovedComponents: []
  m_SourcePrefab: {fileID: 100100000, guid: 8e309ca9515777d4ba1962736515e737, type: 3}
--- !u!4 &310216770438832050 stripped
Transform:
  m_CorrespondingSourceObject: {fileID: 165602207, guid: 8e309ca9515777d4ba1962736515e737,
    type: 3}
  m_PrefabInstance: {fileID: 310216770562489389}
  m_PrefabAsset: {fileID: 0}
--- !u!1001 &1966076085532639990
PrefabInstance:
  m_ObjectHideFlags: 0
  serializedVersion: 2
  m_Modification:
    m_TransformParent: {fileID: 9175077409167945732}
    m_Modifications:
    - target: {fileID: 5825651095826384077, guid: 149583834b96e1447bfff2e11a68d035,
        type: 3}
      propertyPath: m_LocalPosition.x
      value: 0
      objectReference: {fileID: 0}
    - target: {fileID: 5825651095826384077, guid: 149583834b96e1447bfff2e11a68d035,
        type: 3}
      propertyPath: m_LocalPosition.y
      value: -0.441
      objectReference: {fileID: 0}
    - target: {fileID: 5825651095826384077, guid: 149583834b96e1447bfff2e11a68d035,
        type: 3}
      propertyPath: m_LocalPosition.z
      value: 0
      objectReference: {fileID: 0}
    - target: {fileID: 5825651095826384077, guid: 149583834b96e1447bfff2e11a68d035,
        type: 3}
      propertyPath: m_LocalRotation.x
      value: 0
      objectReference: {fileID: 0}
    - target: {fileID: 5825651095826384077, guid: 149583834b96e1447bfff2e11a68d035,
        type: 3}
      propertyPath: m_LocalRotation.y
      value: 0
      objectReference: {fileID: 0}
    - target: {fileID: 5825651095826384077, guid: 149583834b96e1447bfff2e11a68d035,
        type: 3}
      propertyPath: m_LocalRotation.z
      value: 0
      objectReference: {fileID: 0}
    - target: {fileID: 5825651095826384077, guid: 149583834b96e1447bfff2e11a68d035,
        type: 3}
      propertyPath: m_LocalRotation.w
      value: 1
      objectReference: {fileID: 0}
    - target: {fileID: 5825651095826384077, guid: 149583834b96e1447bfff2e11a68d035,
        type: 3}
      propertyPath: m_RootOrder
      value: 2
      objectReference: {fileID: 0}
    - target: {fileID: 5825651095826384077, guid: 149583834b96e1447bfff2e11a68d035,
        type: 3}
      propertyPath: m_LocalEulerAnglesHint.x
      value: 0
      objectReference: {fileID: 0}
    - target: {fileID: 5825651095826384077, guid: 149583834b96e1447bfff2e11a68d035,
        type: 3}
      propertyPath: m_LocalEulerAnglesHint.y
      value: 0
      objectReference: {fileID: 0}
    - target: {fileID: 5825651095826384077, guid: 149583834b96e1447bfff2e11a68d035,
        type: 3}
      propertyPath: m_LocalEulerAnglesHint.z
      value: 0
      objectReference: {fileID: 0}
    - target: {fileID: 5825651095826384077, guid: 149583834b96e1447bfff2e11a68d035,
        type: 3}
      propertyPath: m_LocalScale.x
      value: 1.3333333
      objectReference: {fileID: 0}
    - target: {fileID: 5825651095826384077, guid: 149583834b96e1447bfff2e11a68d035,
        type: 3}
      propertyPath: m_LocalScale.y
      value: 1.3333333
      objectReference: {fileID: 0}
    - target: {fileID: 5825651095826384077, guid: 149583834b96e1447bfff2e11a68d035,
        type: 3}
      propertyPath: m_LocalScale.z
      value: 1.3333333
      objectReference: {fileID: 0}
    - target: {fileID: 5825651095826815213, guid: 149583834b96e1447bfff2e11a68d035,
        type: 3}
      propertyPath: m_Name
      value: CH_Ricardo
      objectReference: {fileID: 0}
    - target: {fileID: 5825651095826815213, guid: 149583834b96e1447bfff2e11a68d035,
        type: 3}
      propertyPath: m_IsActive
      value: 1
      objectReference: {fileID: 0}
    m_RemovedComponents: []
  m_SourcePrefab: {fileID: 100100000, guid: 149583834b96e1447bfff2e11a68d035, type: 3}
--- !u!4 &5444914648220993083 stripped
Transform:
  m_CorrespondingSourceObject: {fileID: 5825651095826384077, guid: 149583834b96e1447bfff2e11a68d035,
    type: 3}
  m_PrefabInstance: {fileID: 1966076085532639990}
  m_PrefabAsset: {fileID: 0}
--- !u!1001 &2797051672968482058
PrefabInstance:
  m_ObjectHideFlags: 0
  serializedVersion: 2
  m_Modification:
    m_TransformParent: {fileID: 9175077409167945732}
    m_Modifications:
    - target: {fileID: 100004, guid: 3261563902c7d074eb9798156effe85e, type: 3}
      propertyPath: m_Name
      value: MitosSlowC
      objectReference: {fileID: 0}
    - target: {fileID: 100004, guid: 3261563902c7d074eb9798156effe85e, type: 3}
      propertyPath: m_IsActive
      value: 0
      objectReference: {fileID: 0}
    - target: {fileID: 400004, guid: 3261563902c7d074eb9798156effe85e, type: 3}
      propertyPath: m_LocalPosition.x
      value: 0
      objectReference: {fileID: 0}
    - target: {fileID: 400004, guid: 3261563902c7d074eb9798156effe85e, type: 3}
      propertyPath: m_LocalPosition.y
      value: 0
      objectReference: {fileID: 0}
    - target: {fileID: 400004, guid: 3261563902c7d074eb9798156effe85e, type: 3}
      propertyPath: m_LocalPosition.z
      value: 0
      objectReference: {fileID: 0}
    - target: {fileID: 400004, guid: 3261563902c7d074eb9798156effe85e, type: 3}
      propertyPath: m_LocalRotation.x
      value: -0.7071068
      objectReference: {fileID: 0}
    - target: {fileID: 400004, guid: 3261563902c7d074eb9798156effe85e, type: 3}
      propertyPath: m_LocalRotation.y
      value: -0
      objectReference: {fileID: 0}
    - target: {fileID: 400004, guid: 3261563902c7d074eb9798156effe85e, type: 3}
      propertyPath: m_LocalRotation.z
      value: -0
      objectReference: {fileID: 0}
    - target: {fileID: 400004, guid: 3261563902c7d074eb9798156effe85e, type: 3}
      propertyPath: m_LocalRotation.w
      value: 0.7071068
      objectReference: {fileID: 0}
    - target: {fileID: 400004, guid: 3261563902c7d074eb9798156effe85e, type: 3}
      propertyPath: m_RootOrder
      value: 0
      objectReference: {fileID: 0}
    - target: {fileID: 400004, guid: 3261563902c7d074eb9798156effe85e, type: 3}
      propertyPath: m_LocalEulerAnglesHint.x
      value: 0
      objectReference: {fileID: 0}
    - target: {fileID: 400004, guid: 3261563902c7d074eb9798156effe85e, type: 3}
      propertyPath: m_LocalEulerAnglesHint.y
      value: 0
      objectReference: {fileID: 0}
    - target: {fileID: 400004, guid: 3261563902c7d074eb9798156effe85e, type: 3}
      propertyPath: m_LocalEulerAnglesHint.z
      value: 0
      objectReference: {fileID: 0}
    - target: {fileID: 19800000, guid: 3261563902c7d074eb9798156effe85e, type: 3}
      propertyPath: InitialModule.startColor.maxColor.r
      value: 0.87168145
      objectReference: {fileID: 0}
    - target: {fileID: 19800000, guid: 3261563902c7d074eb9798156effe85e, type: 3}
      propertyPath: InitialModule.startColor.maxColor.g
      value: 1
      objectReference: {fileID: 0}
    - target: {fileID: 19800000, guid: 3261563902c7d074eb9798156effe85e, type: 3}
      propertyPath: InitialModule.startColor.maxColor.b
      value: 0
      objectReference: {fileID: 0}
    - target: {fileID: 19800002, guid: 3261563902c7d074eb9798156effe85e, type: 3}
      propertyPath: InitialModule.startColor.maxColor.r
      value: 1
      objectReference: {fileID: 0}
    - target: {fileID: 19800002, guid: 3261563902c7d074eb9798156effe85e, type: 3}
      propertyPath: InitialModule.startColor.maxColor.g
      value: 1
      objectReference: {fileID: 0}
    - target: {fileID: 19800002, guid: 3261563902c7d074eb9798156effe85e, type: 3}
      propertyPath: InitialModule.startColor.maxColor.b
      value: 1
      objectReference: {fileID: 0}
    m_RemovedComponents: []
  m_SourcePrefab: {fileID: 100100000, guid: 3261563902c7d074eb9798156effe85e, type: 3}
--- !u!4 &2797051672968615822 stripped
Transform:
  m_CorrespondingSourceObject: {fileID: 400004, guid: 3261563902c7d074eb9798156effe85e,
    type: 3}
  m_PrefabInstance: {fileID: 2797051672968482058}
  m_PrefabAsset: {fileID: 0}
--- !u!1 &2797051672968514478 stripped
GameObject:
  m_CorrespondingSourceObject: {fileID: 100004, guid: 3261563902c7d074eb9798156effe85e,
    type: 3}
  m_PrefabInstance: {fileID: 2797051672968482058}
  m_PrefabAsset: {fileID: 0}
--- !u!1001 &6246801752833431234
PrefabInstance:
  m_ObjectHideFlags: 0
  serializedVersion: 2
  m_Modification:
    m_TransformParent: {fileID: 9175077409167945732}
    m_Modifications:
    - target: {fileID: 7778258902234202728, guid: f36248c8775cdfc48babc0bb825137c1,
        type: 3}
      propertyPath: m_Name
      value: CH_Shadow 1 (1)
      objectReference: {fileID: 0}
    - target: {fileID: 8819176528220914573, guid: f36248c8775cdfc48babc0bb825137c1,
        type: 3}
      propertyPath: m_LocalPosition.x
      value: -0.014969958
      objectReference: {fileID: 0}
    - target: {fileID: 8819176528220914573, guid: f36248c8775cdfc48babc0bb825137c1,
        type: 3}
      propertyPath: m_LocalPosition.y
      value: -0.4
      objectReference: {fileID: 0}
    - target: {fileID: 8819176528220914573, guid: f36248c8775cdfc48babc0bb825137c1,
        type: 3}
      propertyPath: m_LocalPosition.z
      value: 0.03252411
      objectReference: {fileID: 0}
    - target: {fileID: 8819176528220914573, guid: f36248c8775cdfc48babc0bb825137c1,
        type: 3}
      propertyPath: m_LocalRotation.x
      value: -0
      objectReference: {fileID: 0}
    - target: {fileID: 8819176528220914573, guid: f36248c8775cdfc48babc0bb825137c1,
        type: 3}
      propertyPath: m_LocalRotation.y
      value: 0.45039165
      objectReference: {fileID: 0}
    - target: {fileID: 8819176528220914573, guid: f36248c8775cdfc48babc0bb825137c1,
        type: 3}
      propertyPath: m_LocalRotation.z
      value: -0
      objectReference: {fileID: 0}
    - target: {fileID: 8819176528220914573, guid: f36248c8775cdfc48babc0bb825137c1,
        type: 3}
      propertyPath: m_LocalRotation.w
      value: 0.89283115
      objectReference: {fileID: 0}
    - target: {fileID: 8819176528220914573, guid: f36248c8775cdfc48babc0bb825137c1,
        type: 3}
      propertyPath: m_RootOrder
      value: 5
      objectReference: {fileID: 0}
    - target: {fileID: 8819176528220914573, guid: f36248c8775cdfc48babc0bb825137c1,
        type: 3}
      propertyPath: m_LocalEulerAnglesHint.x
      value: 0
      objectReference: {fileID: 0}
    - target: {fileID: 8819176528220914573, guid: f36248c8775cdfc48babc0bb825137c1,
        type: 3}
      propertyPath: m_LocalEulerAnglesHint.y
      value: 0
      objectReference: {fileID: 0}
    - target: {fileID: 8819176528220914573, guid: f36248c8775cdfc48babc0bb825137c1,
        type: 3}
      propertyPath: m_LocalEulerAnglesHint.z
      value: 0
      objectReference: {fileID: 0}
    - target: {fileID: 8819176528220914573, guid: f36248c8775cdfc48babc0bb825137c1,
        type: 3}
      propertyPath: m_LocalScale.x
      value: 1.6000004
      objectReference: {fileID: 0}
    - target: {fileID: 8819176528220914573, guid: f36248c8775cdfc48babc0bb825137c1,
        type: 3}
      propertyPath: m_LocalScale.y
      value: 1.6000001
      objectReference: {fileID: 0}
    - target: {fileID: 8819176528220914573, guid: f36248c8775cdfc48babc0bb825137c1,
        type: 3}
      propertyPath: m_LocalScale.z
      value: 1.6000004
      objectReference: {fileID: 0}
    m_RemovedComponents: []
  m_SourcePrefab: {fileID: 100100000, guid: f36248c8775cdfc48babc0bb825137c1, type: 3}
--- !u!4 &3230518318590760271 stripped
Transform:
  m_CorrespondingSourceObject: {fileID: 8819176528220914573, guid: f36248c8775cdfc48babc0bb825137c1,
    type: 3}
  m_PrefabInstance: {fileID: 6246801752833431234}
  m_PrefabAsset: {fileID: 0}
--- !u!1001 &9158848935047859207
PrefabInstance:
  m_ObjectHideFlags: 0
  serializedVersion: 2
  m_Modification:
    m_TransformParent: {fileID: 9172231205658670988}
    m_Modifications:
    - target: {fileID: 1195808797154278, guid: 49adf93a4a2d0e842b376a1ef47a5dd4, type: 3}
      propertyPath: m_Name
      value: Marker 1
      objectReference: {fileID: 0}
    - target: {fileID: 1195808797154278, guid: 49adf93a4a2d0e842b376a1ef47a5dd4, type: 3}
      propertyPath: m_IsActive
      value: 0
      objectReference: {fileID: 0}
    - target: {fileID: 4800950975283638, guid: 49adf93a4a2d0e842b376a1ef47a5dd4, type: 3}
      propertyPath: m_LocalPosition.x
      value: 0
      objectReference: {fileID: 0}
    - target: {fileID: 4800950975283638, guid: 49adf93a4a2d0e842b376a1ef47a5dd4, type: 3}
      propertyPath: m_LocalPosition.y
      value: 0
      objectReference: {fileID: 0}
    - target: {fileID: 4800950975283638, guid: 49adf93a4a2d0e842b376a1ef47a5dd4, type: 3}
      propertyPath: m_LocalPosition.z
      value: 0
      objectReference: {fileID: 0}
    - target: {fileID: 4800950975283638, guid: 49adf93a4a2d0e842b376a1ef47a5dd4, type: 3}
      propertyPath: m_LocalRotation.x
      value: -0.7071068
      objectReference: {fileID: 0}
    - target: {fileID: 4800950975283638, guid: 49adf93a4a2d0e842b376a1ef47a5dd4, type: 3}
      propertyPath: m_LocalRotation.y
      value: -0
      objectReference: {fileID: 0}
    - target: {fileID: 4800950975283638, guid: 49adf93a4a2d0e842b376a1ef47a5dd4, type: 3}
      propertyPath: m_LocalRotation.z
      value: -0
      objectReference: {fileID: 0}
    - target: {fileID: 4800950975283638, guid: 49adf93a4a2d0e842b376a1ef47a5dd4, type: 3}
      propertyPath: m_LocalRotation.w
      value: 0.7071068
      objectReference: {fileID: 0}
    - target: {fileID: 4800950975283638, guid: 49adf93a4a2d0e842b376a1ef47a5dd4, type: 3}
      propertyPath: m_RootOrder
      value: 8
      objectReference: {fileID: 0}
    - target: {fileID: 4800950975283638, guid: 49adf93a4a2d0e842b376a1ef47a5dd4, type: 3}
      propertyPath: m_LocalEulerAnglesHint.x
      value: -90
      objectReference: {fileID: 0}
    - target: {fileID: 4800950975283638, guid: 49adf93a4a2d0e842b376a1ef47a5dd4, type: 3}
      propertyPath: m_LocalEulerAnglesHint.y
      value: 0
      objectReference: {fileID: 0}
    - target: {fileID: 4800950975283638, guid: 49adf93a4a2d0e842b376a1ef47a5dd4, type: 3}
      propertyPath: m_LocalEulerAnglesHint.z
      value: 0
      objectReference: {fileID: 0}
    - target: {fileID: 4800950975283638, guid: 49adf93a4a2d0e842b376a1ef47a5dd4, type: 3}
      propertyPath: m_LocalScale.y
      value: 0.50000024
      objectReference: {fileID: 0}
    - target: {fileID: 4800950975283638, guid: 49adf93a4a2d0e842b376a1ef47a5dd4, type: 3}
      propertyPath: m_LocalScale.z
      value: 0.50000024
      objectReference: {fileID: 0}
    m_RemovedComponents: []
  m_SourcePrefab: {fileID: 100100000, guid: 49adf93a4a2d0e842b376a1ef47a5dd4, type: 3}
--- !u!1 &9160034670651168737 stripped
GameObject:
  m_CorrespondingSourceObject: {fileID: 1195808797154278, guid: 49adf93a4a2d0e842b376a1ef47a5dd4,
    type: 3}
  m_PrefabInstance: {fileID: 9158848935047859207}
  m_PrefabAsset: {fileID: 0}
--- !u!4 &9154633748925992369 stripped
Transform:
  m_CorrespondingSourceObject: {fileID: 4800950975283638, guid: 49adf93a4a2d0e842b376a1ef47a5dd4,
    type: 3}
  m_PrefabInstance: {fileID: 9158848935047859207}
  m_PrefabAsset: {fileID: 0}
